@misc{OAuth2,
    author    = "Mitchell Anicas",
    title     = "An Introduction to OAuth 2",
    url       = "https://www.digitalocean.com/community/tutorials/an-introduction-to-oauth-2"
}

@misc{firebasecloudmessage,
    author    = "Google",
    title     = "About FCM messages",
    url       = "https://firebase.google.com/docs/cloud-messaging/concept-options"
}

@misc{mobilevisionapi,
    author    = "Mobile Vision",
    title     = "Get Started with the Mobile Vision iOS API",
    url       = "https://developers.google.com/vision/ios/getting-started"
}

@misc{php,
    author    = "PHP.net",
    title     = "What is PHP?",
    url       = "http://php.net/manual/en/intro-whatis.php"
}





