@misc{OIDC,
    author    = "Auth0.com",
    title     = "OpenID Connect",
    url       = "https://auth0.com/docs/protocols/oidc"
}

@misc{OAuth2,
    author    = "Mitchell Anicas",
    title     = "An Introduction to OAuth 2",
    url       = "https://www.digitalocean.com/community/tutorials/an-introduction-to-oauth-2"
}

@misc{firebasecloudmessage,
    author    = "Google",
    title     = "About FCM messages",
    url       = "https://firebase.google.com/docs/cloud-messaging/concept-options"
}

@misc{googlecloudmessage,
    author    = "Wikipedia",
    title     = "Google Cloud Messaging",
    url       = "https://en.wikipedia.org/wiki/Google_Cloud_Messaging"
}

@misc{googlecalendarapi,
    author    = "Google",
    title     = "Remainders and Notifications",
    url       = "https://developers.google.com/google-apps/calendar/concepts/reminders"
}

@misc{java,
    author    = "josefx",
    title     = "Why does Android use Java",
    url       = "https://stackoverflow.com/questions/3560963/why-does-android-use-java"
}

@misc{c++,
    author    = "David Bolton",
    title     = "5 Resons to Use C++ for Android Development",
    url       = "https://insights.dice.com/2016/02/03/5-reasons-to-use-c-for-android-development/"
}

